@string{ijrr = "I. J. Robotics Res."}
@string{ijrr = "IJRR"}

@string{tra = "{IEEE} Trans. Robotics and Automation"}
@string{tr = "{IEEE} Trans. Robotics"}
@string{cdc = "{IEEE} Conference on Decision and Control"}
@string{ral = "{IEEE} Robotics and Automation Letters"}

@string{jirs = "Journal of Intelligent \& Robotic Systems"}
@string{jirs = "J. Intell. Robot. Syst."}
@string{jair = "J. Artif. Intell. Res"}

@string{ar = "Autonomous Robots"}
@string{rr = "Robotics Research"}
@string{ras = "Robotics and Autonomous Systems"}


@string{cad = "Computer-Aided Design"}

@string{aaai = "Conference on Artificial Intelligence ({AAAI})"}
@string{aaai = "AAAI"}


@string{roman= "{IEEE} Int. Symp. on Robot and Human Interactive Communication (RO-MAN)"}
@string{iros = "{IEEE/RSJ} Int. Conf. Intelligent Robots and Systems (IROS)"}
@string{icra = "{IEEE} Int. Conf. Robotics and Automation (ICRA)"}
@string{humanoids = "{IEEE-RAS} International Conference on Humanoid Robots (Humanoids)"}
@string{rss = "Robotics: Science and Systems (RSS)"}
@string{wafr = "Workshop on Algorithmic Foundations of Robotics (WAFR)"}
@string{wafr = "WAFR"}
@string{icam = "Int. Conf. on Advanced Mechatronics (ICAM)"}


@string{nips = "Advances in Neural Information Processing Systems"}
@string{icaps = "International Conference on Automated Planning and Scheduling (ICAPS)"}
@string{siggraph = "{ACM} {SIGGRAPH}/Eurographics symposium on computer animation"}
@string{iser = "International Symposium on Experimental Robotics (ISER)"}
@string{socg = "Symposium on Computational Geometry (SoCG)"}
@string{socs = "Symposium on Combinatorial Search (SoCS)"}
@string{isrr = "International symposium on robotics research (ISRR)"}
@string{ijcai = "International Joint Conference on
               Artificial Intelligence, (IJCAI)"}



@inproceedings{DSJA14,
  author    = {Jory Denny and
               Read Sandstr{\"{o}}m and
               Nicole Julian and
               Nancy M. Amato},
  title     = {A Region-Based Strategy for Collaborative Roadmap Construction},
  booktitle = wafr,
  pages     = {125--141},
  year      = {2014}
}

@article{TFF12,
  title={Human interaction with motion planning algorithm},
  author={Ta{\"\i}x, Michel and Flavign{\'e}, David and Ferr{\'e}, Etienne},
  journal=jirs,
  volume={67},
  number={3},
  pages={285--306},
  year={2012}
}

@incollection{YA17,
  title={Demonstration-Guided Motion Planning},
  author={Ye, Gu and Alterovitz, Ron},
  booktitle=rr,
  pages={291--307},
  year={2017}
}

@article{PHCL16,
  title={Learning to plan for constrained manipulation from demonstrations},
  author={Phillips, Mike and Hwang, Victor and Chitta, Sachin and Likhachev, Maxim},
  journal=ar,
  volume={40},
  number={1},
  pages={109--124},
  year={2016},
  publisher={Springer}
}

@incollection{SHLA16,
  title={Learning from demonstrations through the use of non-rigid registration},
  author={Schulman, John and Ho, Jonathan and Lee, Cameron and Abbeel, Pieter},
  booktitle=rr,
  pages={339--354},
  year={2016}
}

@inproceedings{HS16,
  title={Distance metrics and algorithms for task space path optimization},
  author={Holladay, Rachel M and Srinivasa, Siddhartha S},
  booktitle=iros,
  pages={5533--5540},
  year={2016}
}

@article{YPB15,
  title={An interactive motion planning framework that can learn from experience},
  author={Yan, Yu and Poirson, Emilie and Bennis, Fouad},
  journal=cad,
  volume={59},
  pages={23--38},
  year={2015}
}

@inproceedings{MTMKDC15,
  title={Human-Assisted {RRT} for Path Planning in Urban Environments},
  author={Mehta, Siddhartha S and Ton, Chau and McCourt, Michael J and Kan, Z and Doucette, Emily A and Curtis, W},
  booktitle={Systems, Man, and Cybernetics (SMC), 2015 IEEE International Conference on},
  pages={941--946},
  year={2015}
}

@inproceedings{BTFF16,
  author    = {Nassime Blin and
               Michel Ta{\"{\i}}x and
               Philippe Fillatreau and
               Jean{-}Yves Fourquet},
  title     = {{I-RRT-C:} Interactive motion planning with contact},
  booktitle = iros,
  pages     = {4244--4249},
  year      = {2016}
}

@inproceedings{FTF09,
  title={Interactive motion planning for assembly tasks},
  author={Flavigne, David and Ta{\"{\i}}x, Michel and Ferre, Etienne},
  booktitle=roman,
  pages={430--435},
  year={2009}
}

@book{L06,
  author    = {Steven M. LaValle},
  title     = {Planning algorithms},
  publisher = {Cambridge University Press},
  year      = {2006}
}

@article{ASNHL16,
  title={Multi-heuristic {A*}},
  author={Aine, Sandip and Swaminathan, Siddharth and Narayanan, Venkatraman and Hwang, Victor and Likhachev, Maxim},
  journal=ijrr,
  volume={35},
  number={1-3},
  pages={224--243},
  year={2016}
}

@inproceedings{RV12,
  author    = {Stephanie Rosenthal and
               Manuela M. Veloso},
  title     = {Mobile Robot Planning to Seek Help with Spatially-Situated Tasks},
  booktitle = aaai,
  year      = {2012}
}

@article{KMMO94,
  title={Competitive randomized algorithms for nonuniform problems},
  author={Karlin, Anna R and Manasse, Mark S and McGeoch, Lyle A and Owicki, Susan},
  journal={Algorithmica},
  volume={11},
  number={6},
  pages={542--571},
  year={1994},
  publisher={Springer}
}

@inproceedings{INL15,
  author    = {Fahad Islam and
               Venkatraman Narayanan and
               Maxim Likhachev},
  title     = {Dynamic Multi-Heuristic {A}*},
  booktitle = icra,
  pages     = {2376--2382},
  year      = {2015}
}

@inproceedings{DNLL10,
  author    = {S{\'{e}}bastien Dalibard and
               Alireza Nakhaei and
               Florent Lamiraux and
               Jean{-}Paul Laumond},
  title     = {Manipulation of documented objects by a walking humanoid robot},
  booktitle = humanoids,
  pages     = {518--523},
  year      = {2010}
}

@inproceedings{DNLL09,
  author    = {S{\'{e}}bastien Dalibard and
               Alireza Nakhaei and
               Florent Lamiraux and
               Jean{-}Paul Laumond},
  title     = {Whole-body task planning for a humanoid robot: a way to integrate
               collision avoidance},
  booktitle = humanoids,
  pages     = {355--360},
  year      = {2009}
}

@article{MTL10,
  author    = {Katja D. Mombaur and
               Anh Truong and
               Jean{-}Paul Laumond},
  title     = {From human to humanoid locomotion - an inverse optimal control approach},
  journal   = ar,
  volume    = {28},
  number    = {3},
  pages     = {369--383},
  year      = {2010}
}

@article{KKNII02,
  author    = {James J. Kuffner Jr. and
               Satoshi Kagami and
               Koichi Nishiwaki and
               Masayuki Inaba and
               Hirochika Inoue},
  title     = {Dynamically-Stable Motion Planning for Humanoid Robots},
  journal   = ar,
  volume    = {12},
  number    = {1},
  pages     = {105--118},
  year      = {2002}
}

@article{KLY11,
  author    = {Oussama Kanoun and
               Jean{-}Paul Laumond and
               Eiichi Yoshida},
  title     = {Planning foot placements for a humanoid robot: {A} problem of inverse
               kinematics},
  journal   = ijrr,
  volume    = {30},
  number    = {4},
  pages     = {476--485},
  year      = {2011}
}

@article{DKLNTL13,
  author    = {S{\'{e}}bastien Dalibard and
               Antonio El Khoury and
               Florent Lamiraux and
               Alireza Nakhaei and
               Michel Ta{\"{\i}}x and
               Jean{-}Paul Laumond},
  title     = {Dynamic walking and whole-body motion planning for humanoid robots:
               an integrated approach},
  journal   = ijrr,
  volume    = {32},
  number    = {9-10},
  pages     = {1089--1103},
  year      = {2013}
}

@article{PSBLY12,
  author    = {Nicolas Perrin and
               Olivier Stasse and
               Leo Baudouin and
               Florent Lamiraux and
               Eiichi Yoshida},
  title     = {Fast Humanoid Robot Collision-Free Footstep Planning Using Swept Volume
               Approximations},
  journal   = tr,
  volume    = {28},
  number    = {2},
  pages     = {427--439},
  year      = {2012}
}

@inproceedings{ZLHEOPPL13,
  author    = {Yajia Zhang and
               Jingru Luo and
               Kris K. Hauser and
               Robert Ellenberg and
               Paul Y. Oh and
               Hyungju Andy Park and
               Manas Paldhe and
               C. S. George Lee},
  title     = {Motion planning of ladder climbing for humanoid robots},
  booktitle = {2013 {IEEE} Conference on Technologies for Practical Robot Applications},
  pages     = {1--6},
  year      = {2013}
}

@inproceedings{HBHL06,
  author    = {Kris K. Hauser and
               Timothy Bretl and
               Kensuke Harada and
               Jean{-}Claude Latombe},
  title     = {Using Motion Primitives in Probabilistic Sample-Based Planning for
               Humanoid Robots},
  booktitle = wafr,
  pages     = {507--522},
  year      = {2006}
}

@inproceedings{KKKHKHAI04,
  author    = {Kenji Kaneko and
               Fumio Kanehiro and
               Shuuji Kajita and
               Hirohisa Hirukawa and
               Toshikazu Kawasaki and
               Masaru Hirata and
               Kazuhiko Akachi and
               Takakatsu Isozumi},
  title     = {Humanoid Robot {HRP-2}},
  booktitle = icra,
  pages     = {1083--1090},
  year      = {2004}
}



@article{HBLHW08,
  author    = {Kris K. Hauser and
               Timothy Bretl and
               Jean{-}Claude Latombe and
               Kensuke Harada and
               Brian Wilcox},
  title     = {Motion Planning for Legged Robots on Varied Terrain},
  journal   = ijrr,
  volume    = {27},
  number    = {11-12},
  pages     = {1325--1349},
  year      = {2008}
}

@inproceedings{NAL15,
  author    = {Venkatraman Narayanan and
               Sandip Aine and
               Maxim Likhachev},
  title     = {Improved Multi-Heuristic {A}* for Searching with Uncalibrated Heuristics},
  booktitle = socs,
  pages     = {78--86},
  year      = {2015}
}

@inproceedings{GSL12,
  author    = {Kalin Gochev and
               Alla Safonova and
               Maxim Likhachev},
  title     = {Planning with adaptive dimensionality for mobile manipulation},
  booktitle = icra,
  pages     = {2944--2951},
  year      = {2012}
}

@inproceedings{GSL13,
  author    = {Kalin Gochev and
               Alla Safonova and
               Maxim Likhachev},
  title     = {Incremental Planning with Adaptive Dimensionality},
  booktitle = icaps,
  year      = {2013}
}

@inproceedings{VNL17,
  author    = {	Shivam Vats and 
  				Venkatraman Narayanan and 
  				Maxim Likhachevand},
  title     = {Learning to Avoid Local Minima in Planning for Static Environments},
  booktitle = icaps,
  year      = {2017}
}

@inproceedings{PNAL15,
  author    = {Mike Phillips and
               Venkatraman Narayanan and
               Sandip Aine and
               Maxim Likhachev},
  title     = {Efficient Search with an Ensemble of Heuristics},
  booktitle = ijcai,
  year      = {2015}
}

@article{CCL14,
  author    = {Benjamin J. Cohen and
               Sachin Chitta and
               Maxim Likhachev},
  title     = {Single- and dual-arm motion planning with heuristic search},
  journal   = ijrr,
  volume    = {33},
  number    = {2},
  pages     = {305--320},
  year      = {2014}}


@inproceedings{GCBSL11,
  author    = {Kalin Gochev and
               Benjamin J. Cohen and
               Jonathan Butzke and
               Alla Safonova and
               Maxim Likhachev},
  title     = {Path Planning with Adaptive Dimensionality},
  booktitle = socs,
  year      = {2011}
}

@inproceedings{CLCKHK05,
  author    = {Joel E. Chestnutt and
               Manfred Lau and
               German K. M. Cheung and
               James Kuffner and
               Jessica K. Hodgins and
               Takeo Kanade},
  title     = {Footstep Planning for the Honda {ASIMO} Humanoid},
  booktitle = icra,
  pages     = {629--634},
  year      = {2005}
}

@inproceedings{KNKII01,
  author    = {James Kuffner and
               Koichi Nishiwaki and
               Satoshi Kagami and
               Masayuki Inaba and
               Hirochika Inoue},
  title     = {Footstep planning among obstacles for biped robots},
  booktitle = iros,
  pages     = {500--505},
  year      = {2001}
}

@inproceedings{XCXZC09,
  title={A random sampling-based approach to goal-directed footstep planning for humanoid robots},
  author={	Xia, Zeyang and 
  			Chen, Guodong and 
  			Xiong, Jing and 
  			Zhao, Qunfei and 
  			Chen, Ken},
  booktitle={{IEEE}/{ASME} International Conference on Advanced Intelligent Mechatronics},
  pages={168--173},
  year={2009}
}


@book {CBHKKLT05,
	title = {Principles of Robot Motion: Theory, Algorithms, and Implementation},
	year = {2005},
	month = {June},
	publisher = {MIT Press},
	type = {book},
	author = {	Howie Choset and
	Kevin M. Lynch and
	Seth Hutchinson and
	George Kantor and
	Wolfram Burgard and
	Lydia E. Kavraki and
	Sebastian Thrun}
}

@article{KSLO96,
	author    = {Lydia E. Kavraki and
	Petr Svestka and
	Jean{-}Claude Latombe and
	Mark H. Overmars},
	title     = {Probabilistic roadmaps for path planning in high-dimensional configuration
	spaces},
	journal   = tra,
	volume    = {12},
	number    = {4},
	pages     = {566--580},
	year      = {1996}
}

@incollection{S04,
  author    = {Micha Sharir},
  title     = {Algorithmic motion planning},
  booktitle = {Handbook of Discrete and Computational Geometry, Second Edition.},
  pages     = {1037--1064},
  year      = {2004}
}

@article{ACVB09,
  author    = {Brenna Argall and
               Sonia Chernova and
               Manuela M. Veloso and
               Brett Browning},
  title     = {A survey of robot learning from demonstration},
  journal   = ras,
  volume    = {57},
  number    = {5},
  pages     = {469--483},
  year      = {2009}
}

@article{HB12,
  title={Avoiding and escaping depressions in real-time heuristic search},
  author={Hern{\'a}ndez, Carlos and 
  			Baier, Jorge A},
  journal=jair,
  volume={43},
  pages={523--570},
  year={2012}
}

@article{pohl1970first,
  title={First results on the effect of error in heuristic search},
  author={Pohl, Ira},
  journal={Machine Intelligence},
  volume={5},
  pages={219--236},
  year={1970},
  publisher={Edinburgh University Press}
}

@inproceedings{I92,
  author    = {Toru Ishida},
  title     = {Moving Target Search with Intelligence},
  booktitle = aaai,
  pages     = {525--532},
  year      = {1992}
}

@mastersthesis{V17,
title = {A Multi-Heuristic framework for Humanoid Planning},
author = {Karthik Vijayakumar},
school = {Robotics Institute, Carnegie Mellon University},
year = {2017},
number = {CMU-RI-TR-17-57}
} 

@inproceedings{MHSetal15,
  title={Development of disaster response robot with commonly structured limbs and experiment in climbing vertical ladder},
  author={	Matsuzawa, Takashi and 
  			Hashimoto, Kenji and 
  			Sun, Xiao and 
  			Uryu, Kazuhiro and 
  			Koizumi, Ayanori and 
  			Hamamoto, Shinya and 
  			Teramachi, Tomotaka and 
  			Takanishi, Atsuo},
  booktitle=icam,
  pages={142--143},
  year={2015}
  
}
